<?xml version="1.0" encoding="UTF-8"?><collection xmlns="http://www.loc.gov/MARC21/slim"><record><leader>00411nam--2200145-i-4500</leader><controlfield tag="001">000035549</controlfield><controlfield tag="002">20161230</controlfield><controlfield tag="005">20161230201040</controlfield><controlfield tag="008">060222s1000------------r-----000-0-eng-d</controlfield><datafield ind1=" " ind2=" " tag="080"><subfield code="a">539.23:543</subfield></datafield><datafield ind1=" " ind2=" " tag="245"><subfield code="a">Physical measurement and analysis of thin films</subfield></datafield><datafield ind1=" " ind2=" " tag="260"><subfield code="a">New York, Plenum Press, 1969, Xi + 194p</subfield></datafield><datafield ind1=" " ind2=" " tag="490"><subfield code="a">Progress In Analytical Chemistry</subfield></datafield><datafield ind1=" " ind2=" " tag="700"><subfield code="a">Murt, E.M. And Guldner, W.G</subfield></datafield><datafield ind1=" " ind2=" " tag="852"><subfield code="a">30789</subfield></datafield></record></collection>